@unpublished{clifton_2019_openlidar,
  author       = {Clifton, Andrew and
                  Vasiljevic, Nikola and
                  Wuerth, Ines and
                  Steffen Raach and
                  Haizmann, Florian and
                  Fürst, Holger},
  title        = {{The OpenLidar Initiative for collaboration on wind 
                   lidar hardware and software}},
  month        = sep,
  year         = 2019,
  doi          = {10.5281/zenodo.3414197},
}

@Book{kahneman2011thinking,
	author = {Kahneman, Daniel},
 title = {Thinking, fast and slow},
 publisher = {Farrar, Straus and Giroux},
 year = {2011},
 address = {New York},
 isbn = {978-0374275631}
 }
 
 @unpublished{clifton_2020_roadmap,
  author       = {Clifton, Andrew and
                  Schlipf, David and
                  Vasiljevic, Nikola and
                  Gottschall, Julia and
                  Clive, Peter and
                  Wüerth, Ines and
                  Wagner, Rozenn and
                  Nygaard, Nicolai},
  title        = {IEA Wind Task 32: Collaborative R\&D Roadmap},
  month        = sep,
  year         = 2020,
  doi          = {10.5281/zenodo.4030701},
  url          = {https://doi.org/10.5281/zenodo.4030701}
}

@misc{nikola_vasiljevic_2018_2478051,
  author       = {Nikola Vasiljevic and
                  Tobias Klaas and
                  Lukas Pauscher and
                  João Correia Lopes and
                  Daniel Fernandes Gomes and
                  Renato Abreuand and
                  Lars Morten Bardal},
  title        = {e-WindLidar:  making wind lidar data FAIR},
  month        = jan,
  year         = 2018,
  publisher    = {Zenodo},
  doi          = {10.5281/zenodo.2478051},
  url          = {https://doi.org/10.5281/zenodo.2478051}
}